
<record>
<controlfield tag="001">700</controlfield>
<datafield tag="024" ind1="7" ind2="">
  <subfield code="2">DOI</subfield>
  <subfield code="a">10.7483/OPENDATA.CMS.CB8H.MFFA</subfield>
</datafield>
<datafield tag="245" ind1="" ind2="">
  <subfield code="a">Dimuon event information derived from the Run2010B public Mu dataset</subfield>
</datafield>
<datafield tag="256" ind1=" " ind2=" ">
  <subfield code="a">Dataset</subfield>
  <subfield code="e">100000</subfield>
  <subfield code="t">events</subfield>
</datafield>
<datafield tag="260" ind1=" " ind2=" ">
 <subfield code="b">CERN Open Data Portal</subfield>
 <subfield code="c">2014</subfield>
</datafield>
<datafield tag="100" ind1="" ind2="">
  <subfield code="a">McCauley, Thomas</subfield>
</datafield>
<datafield tag="520" ind1="" ind2="">
  <subfield code="a">This document contains 100k dimuon events selected from the Mu dataset from Run2010B. Each line corresponds to an event. The main file contains all 100k events. Files with an underscore contain 10k events each.</subfield>
</datafield>
<datafield tag="556" ind1="" ind2="">
  <subfield code="a">These data were selected from the Mu primary dataset. The selection criteria may be different from that used in CMS physics results. They are not suitable for a full physics analysis.</subfield>
</datafield>
<datafield tag="567" ind1=" " ind2=" ">
  <subfield code="a">The events in this derived dataset were selected because of the presence of precisely two muons with invariant mass between 2-110 GeV, one of which is a high-quality "global" muon. More information on the selections applied for the Mu primary dataset can be found there.</subfield>
  <subfield code="w">14</subfield>
</datafield>
<datafield tag="567" ind1="" ind2="">
  <subfield code="a">The code that applies the selection and produces the csv files can be found here:</subfield>
  <subfield code="w">552</subfield>
</datafield>
<datafield tag="581" ind1="" ind2="">
  <subfield code="a">comma-separated value (csv) files can be used in online applications such as the one found here</subfield>
  <subfield code="u">http://opendata.cern.ch/visualise/histograms/CMS</subfield>
</datafield>
<datafield tag="583" ind1="" ind2="">
  <subfield code="a">These data were derived from the Mu primary dataset. Validation information can be found there.</subfield>
  <subfield code="w">14</subfield>
</datafield>
<datafield tag="693" ind1=" " ind2=" ">
 <subfield code="a">CERN-LHC</subfield>
 <subfield code="e">CMS</subfield>
</datafield>
<datafield tag="772" ind1=" " ind2=" ">
  <subfield code="a">/Mu/Run-2010B-Apr21ReReco-v1/AOD</subfield>
  <subfield code="o">10.7483/OPENDATA.CMS.B8MR.C4A2</subfield>
  <subfield code="w">14</subfield>
</datafield>
<datafield tag="980" ind1=" " ind2=" ">
 <subfield code="a">CMS-Derived-Datasets</subfield>
</datafield>
<datafield tag="FFT" ind1="" ind2="">
  <subfield code="a">/tmp/opendata.cern.ch-fft-file-cache/cms-docdb-files/Run2010B_Mu_AOD_Apr21ReReco-v1-dimuon_0.csv</subfield>
  <subfield code="n">MuRun2010B_0</subfield>
</datafield>
<datafield tag="FFT" ind1="" ind2="">
  <subfield code="a">/tmp/opendata.cern.ch-fft-file-cache/cms-docdb-files/Run2010B_Mu_AOD_Apr21ReReco-v1-dimuon.csv</subfield>
  <subfield code="n">MuRun2010B</subfield>
</datafield>
<datafield tag="FFT" ind1="" ind2="">
  <subfield code="a">/tmp/opendata.cern.ch-fft-file-cache/cms-docdb-files/Run2010B_Mu_AOD_Apr21ReReco-v1-dimuon_1.csv</subfield>
  <subfield code="n">MuRun2010B_1</subfield>
</datafield>
<datafield tag="FFT" ind1="" ind2="">
  <subfield code="a">/tmp/opendata.cern.ch-fft-file-cache/cms-docdb-files/Run2010B_Mu_AOD_Apr21ReReco-v1-dimuon_2.csv</subfield>
  <subfield code="n">MuRun2010B_2</subfield>
</datafield>
<datafield tag="FFT" ind1="" ind2="">
  <subfield code="a">/tmp/opendata.cern.ch-fft-file-cache/cms-docdb-files/Run2010B_Mu_AOD_Apr21ReReco-v1-dimuon_3.csv</subfield>
  <subfield code="n">MuRun2010B_3</subfield>
</datafield>
<datafield tag="FFT" ind1="" ind2="">
  <subfield code="a">/tmp/opendata.cern.ch-fft-file-cache/cms-docdb-files/Run2010B_Mu_AOD_Apr21ReReco-v1-dimuon_4.csv</subfield>
  <subfield code="n">MuRun2010B_4</subfield>
</datafield>
<datafield tag="FFT" ind1="" ind2="">
  <subfield code="a">/tmp/opendata.cern.ch-fft-file-cache/cms-docdb-files/Run2010B_Mu_AOD_Apr21ReReco-v1-dimuon_5.csv</subfield>
  <subfield code="n">MuRun2010B_5</subfield>
</datafield>
<datafield tag="FFT" ind1="" ind2="">
  <subfield code="a">/tmp/opendata.cern.ch-fft-file-cache/cms-docdb-files/Run2010B_Mu_AOD_Apr21ReReco-v1-dimuon_6.csv</subfield>
  <subfield code="n">MuRun2010B_6</subfield>
</datafield>
<datafield tag="FFT" ind1="" ind2="">
  <subfield code="a">/tmp/opendata.cern.ch-fft-file-cache/cms-docdb-files/Run2010B_Mu_AOD_Apr21ReReco-v1-dimuon_7.csv</subfield>
  <subfield code="n">MuRun2010B_7</subfield>
</datafield>
<datafield tag="FFT" ind1="" ind2="">
  <subfield code="a">/tmp/opendata.cern.ch-fft-file-cache/cms-docdb-files/Run2010B_Mu_AOD_Apr21ReReco-v1-dimuon_8.csv</subfield>
  <subfield code="n">MuRun2010B_8</subfield>
</datafield>
<datafield tag="FFT" ind1="" ind2="">
  <subfield code="a">/tmp/opendata.cern.ch-fft-file-cache/cms-docdb-files/Run2010B_Mu_AOD_Apr21ReReco-v1-dimuon_9.csv</subfield>
  <subfield code="n">MuRun2010B_9</subfield>
</datafield>
</record>
</collection>
